@BOOK{manualpuc,
  organization = {Pontif\'icia Universidade Cat\'olica de Minas Gerais},
  title = {  Padrão  PUC Minas de Normalizaç\~ao},
  subtitle = {normas da \uppercase{ABNT} para apresentaç\~ao de teses, dissertaç\~oes,  monografias   e  trabalhos acad\^emicos},
  edition = {9},
  address = {rev. ampl. atual. Belo Horizonte},
  publisher = {PUC Minas},
  year = {2012},
  note = {Disponível em: <http://www.pucminas.br/biblioteca/>. Acesso em: 6 de set. 2013}
 }

@article{artigo_tarjan,
author = {Tarjan, Robert},
title = {Depth-First Search and Linear Graph Algorithms},
journal = {SIAM Journal on Computing},
volume = {1},
number = {2},
pages = {146-160},
year = {1972},
doi = {10.1137/0201010},
URL = { https://doi.org/10.1137/0201010}
}